@mastersthesis{washington10,
	TITLE = "Sonority-based affix unfaithfulness in {T}urkic languages",
	AUTHOR = "Jonathan North Washington",
	YEAR = "2010",
	SCHOOL = "University of Washington",
}


@INPROCEEDINGS{TyersAlperen2010,
  author =       {Francis M. Tyers and Murat S. Alperen},
  title =        {{SETimes: A parallel corpus of Balkan languages}},
  booktitle =    {{Proceedings of the MultiLR Workshop at the Language
                  Resources and Evaluation Conference, LREC2010}},
  year =         2010,
  pages =        {49--53},
  address =      {Malta}
}


@article{apertium/2011,
        title = {Apertium: a free/open-source platform for rule-based machine translation},
        journal = {Machine Translation},
        author = {Forcada, Mikel L. and {Ginestí-Rosell}, Mireia and Nordfalk, Jacob and {O’Regan}, Jim and {Ortiz-Rojas}, Sergio and {Pérez-Ortiz}, Juan Antonio and {Sánchez-Martínez}, Felipe and {Ramírez-Sánchez}, Gema and Tyers, Francis M.},
  volume =       25,
  number =       2,
  pages =        {127--144},
        year = {2011}
}

@inbook{hfst/2011,
title = "HFST—Framework for Compiling and Applying Morphologies",
author = "Krister Linden and Miikka Silfverberg and Erik Axelson and Sam Hardwick and Tommi Pirinen",
year = "2011",
editor = "Cerstin Mahlow and Michael Pietrowski",
volume = "Vol. 100",
isbn = "978-3-642-23137-7",
series = "Communications in Computer and Information Science",
pages = "67-85",
booktitle = "Systems and Frameworks for Computational Morphology",
}

@book{usmanova06,
  title = {Грамматика башкирского языка для изучающих язык как государственный},
  author = {М. Г. Усманова},
  address = {Уфа}, 
  year = 2006
}
   

@article{coltekin2010,
        author = "Çöltekin, Çağrı",
        year =  "2010",
        title = "A Freely Available Morphological Analyzer for {T}urkish",
        journal = "Proceedings of the 7th International Conference on Language Resources and Evaluation (LREC2010)",
        pages = "820-827",
}

@article{altintas2001,
        author = "Kemal Altintas",
        year = "2001",
        title = "{A Morphological Analyser for {C}rimean {T}atar}",
        journal = "Proceedings of Turkish Artificial Intelligence and Neural Network Conference",
}

@article{tantug2006,
        author = "A. Cüneyd Tantuğ and Eşref Adalı and Kemal Oflazer",
        year = "2006",
        title = "{Computer Analysis of {T}urkmen Language Morphology}",
        note = "Advances in natural language processing, proceedings (LNAI)",
        pages = "186-193",
}


@article{levenshtein/1966,
        author = {V. I. Levenshtein},
        title = {Binary codes capable of correcting deletions, insertions, and reversals},
        journal = {Soviet Physics---Doklady 10, 707–710. Translated from Doklady Akademii Nauk SSSR},
        year = {1966},
        pages = {845--848}
}


@book{karlsson95,
	author		=	{F. Karlsson and A. Voutilainen and J. Heikkilä and A. Anttila},
	title		=	{{Constraint Grammar: A language independent system for parsing unrestricted text}},
	publisher 	=	{Mouton de Gruyter},
	year		=	1995
}


@mastersthesis{hamzaoglu93,
	author = {Ilker Hamzaoğlu},
	title = {{Machine translation from Turkish to other Turkic languages and an implementation for the Azeri language}},
        school = {Bogazici University},
	year = 1993
} %Bogazici, Istanbul

@mastersthesis{altintas01,
        author = "Kemal Altintas",
        year = "2001",
        title = "{Turkish To Crimean Tatar Machine Translation System}",
	school = {Bilkent University}
} %bilkent


@inproceedings{tantug07,
	author = {A. Cüneyd Tantuğ and Eşref Adali and Kemal Oflazer},
 	title = {{A MT system from Turkmen to Turkish employing finite state and Statistical Methods}},
	booktitle = {Proceedings of MT Summit XI, Copenhagen, Denmark},	
	year = 2007
}

@inproceedings{suleymanov08,
	author = {R. A. Gilmullin},
	title = {{The Tatar-Turkish Machine Translation Based On The Two-Level Morphological Analyzer}},
	booktitle = {Interactive Systems and Technologies : The Problems of Human-Computer Interaction},
	address = {Ulyanovsk},
        pages = {179--186},
	year = 2008
}
