@book{Hutchins92b,
  author     = {W.~J. Hutchins and H.~L. Somers},
  title      = {An Introduction to Machine Translation},
  publisher   = {Academic Press, London, UK},
  year     = {1992}
}

@article{forcada09p,
  author =   {Forcada, M.~L. and Tyers, F.~M. and Ram\'irez-S\'anchez, G.},
  title =    {The free/open-source machine translation platform {A}pertium: Five years on},
  journal =  {Proceedings of the First International Workshop on
  Free/Open-Source Rule-Based Machine Translation FreeRBMT'09, Alacant, Spain},
  year =     {2009},
}

@article{canals01b,
  author =   {R. Canals-Marote and A. Esteve-Guill\'en and A. Garrido-Alenda and M. Guardiola-Savall and A. Iturraspe-Bellver and S. Montserrat-Buendia and S. Ortiz-Rojas and H. Pastor-Pina and P.~M. P\'erez-Ant\'on and M.~L. Forcada},
  title =    {The {S}panish-{C}atalan machine translation system inter{NOSTRUM}},
  journal =  {Proceedings of MT Summit VIII: Machine Translation in the
  Information Age, Santiago de Compostela, Spain},
  year =     {2001},
}

@article{garrido04,
  author = {A. Garrido-Alenda and P. Gilabert-Zarco and J.~A. P\'erez-Ortiz and A. Pertusa-Ib{\'{a}}{\~{n}}ez and G. Ram\'irez-S\'anchez and F.~S\'anchez-Mart\'inez and M.~A. Scalco and M.~L. Forcada},
  title = {Shallow parsing for {P}ortuguese-{S}panish machine translation},
  journal = {Language
  technology for {P}ortuguese: shallow processing tools and resources},
  pages = {135--144},
  publisher = {Edi{\c{c}}{\~{o}}es Colibri, Lisboa},
  year = {2004}
}

@article{Villarejo:09,
  author =   {L. Villarejo and D. Cullen and A. Corral},
  title =    {La integraci\'o de les tecnologies de la llengua en el flux de treball del {S}ervei {L}ing\"u\'istic de la {UOC}},
  journal =  {Llengua i \'us, revista t\`ecnica de pol\'itica ling\"u\'istica},
  number = {46},
  year =     {2009},
}

@article{Masselot10,
  author =   {F. Masselot and P. Ribiczey and G. Ram\'irez-S\'anchez},
  title =    {Using the {A}pertium {S}panish-{B}razilian {P}ortuguese machine translation system for localization},
  journal =  {Proceedings of the EAMT Conference, Sain-Rapha\"el, France},
  year =     {2010},
}

@article{Lipski08,
  author =   {K. Jassem and J. Lipski},
  title =    {A new tool for the bilingual text aligning at the sentence level},
  journal =  {Intelligent Information Systems},
  isbn =     {978-83-60434-44-4},
  year =     {2008},
  pages =    {279--286},
}

@article{Jassem07,
  author =   {K. Jassem and J. Gintrowicz},
  title =    {Using {R}egular {E}xpressions in {T}ranslation {M}emories},
  journal =  {Proceedings of the International Multiconference on
Computer Science and Information Technology},
  issn =     {1896-7094},
  year =     {2007},
  pages =    {87--92},
}

@article{Milkowski10,
  author = {Marcin Miłkowski},
  journal = {Software: Practice and Experience.},
  number = 7,
  pages = {543--566},
  title = {Developing an open-source, rule-based proofreading tool.},
  url = {http://dblp.uni-trier.de/db/journals/spe/spe40.html#Milkowski10},
  volume = {40},
  year = {2010},
  keywords = {dblp},
  ee = {http://dx.doi.org/10.1002/spe.971},
  added-at = {2010-09-17T00:00:00.000+0200},
  biburl = {http://www.bibsonomy.org/bibtex/286a132b59d49d1931cda270e5f1250e5/dblp}
}

@MastersThesis{Naber03,
  author = {Daniel Naber},
  type = "Diplom\-arbeit",
  title = {A {R}ule-{B}ased {S}tyle and {G}rammar {C}hecker},
  year = {2003},
  school = {Technische Fakultät, Universität Bielefeld},
  address = {Germany},
  url = {http://www.danielnaber.de/languagetool/download/style_and_grammar_checker.pdf}
}

@incollection{llitjos04,
   author = {Llitjós, Ariadna Font and Probst, Katharina and Carbonell, Jaime},
   affiliation = {Language Technologies Institute, Carnegie Mellon University  },
   title = {Error Analysis of Two Types of Grammar for the Purpose of Automatic Rule Refinement},
   booktitle = {Machine Translation: From Real Users to Research},
   series = {Lecture Notes in Computer Science},
   editor = {Frederking, Robert E. and Taylor, Kathryn B.},
   publisher = {Springer Berlin / Heidelberg},
   isbn = {},
   pages = {187--196},
   volume = {3265},
   url = {http://dx.doi.org/10.1007/978-3-540-30194-3\_21},
   note = {10.1007/978-3-540-30194-3\_21},
   year = {2004}
}

@article{mcilroy1978unix,
  title =        {{Unix time-sharing system forward}},
  author =       {McIlroy, MD and Pinson, EN and Tague, BA},
  journal =      {The Bell System Technical J.},
  volume =       {57},
  number =       {6 part 2},
  pages =        {1902},
  year =         {1978}
}

@inproceedings{Doyon08,
  title =        {Automated Machine Translation Improvement Through Post-Editing Techniques: Analyst and Translator Experiments},
  author =       {Doyon, J and Doran, C and Means, CD and Parr, D},
  booktitle = {Proceedings of the Eighth Conference of the AMTA},
  year = {2008}
}

@patent{Chin08,
  patent = {20080195372},
  author = {Chin, J and Rosart, D},
  title = {{US Patent Application No. 20080195372: Machine Translation Feedback}},
  year = {2008}
}

@techreport{tmx05,
  author = {LISA},
  title = {{TMX} 1.4b {S}pecification},
  year = {2005},
  url = {http://www.lisa.org/fileadmin/standards/tmx1.4/tmx.htm},
  editor = {Yves Savourel}
}

@misc{Atkinson04,
  title = {{GNU} {A}spell Manual},
  author = {Kevin Atkinson},
  year = {2004},
  publisher = {Free Software Foundation}
}

@techreport{odf06,
  author = {ISO},
  editor = {ISO},
  number = {ISO/IEC 26300:2006 },
  title = {{Open Document Format for Office Applications (OpenDocument) v1.0}},
  year = {2006},
  url = {http://www.iso.org/iso/iso_catalogue/catalogue_tc/catalogue_detail.htm?csnumber=43485}
}

@techreport{opensearch05,
  author = {Clinton, D and Tesler, J and Fagan, M and Gregorio, J and Sauve, A and Snell, J},
  editor = {A9},
  title = {{OpenSearch 1.1 Draft 4}},
  year = {2005},
  url = {http://www.opensearch.org/Specifications/OpenSearch/1.1}
}
