@book{Beesley2003,
	author 		= {Kenneth R. Beesley and Lauri Karttunen},
	title  		= {Finite State Morphology},
	publisher 	= {CSLI Publications},
	year 		= 2003
}

@Article{Miller-90,
  author =   {G. Miller},
  title =    {Special Issue on {WordNet}},
  journal =  {International Journal of
              Lexicography},
  year =     {1990},
  volume =   {3(4)},
}

@book{Aho72,
  author = {Alfred~V. Aho and Jeffrey~D. Ullman},
  title = {The Theory of Parsing, Translation and Compiling},
  volume = {1},
  publisher = {Prentice-{Hall}, Englewood Cliffs, NJ.},
  year = 1972
}

@book{Gusfield97,
  author = {Dan Gusfield},
  title = {Algorithms on Strings, Trees and Sequences},
  publisher = {Cambridge University Press, Cambridge, UK.},
  year = 1997
}

@book{APA83,
  author = {{American~Psychological~Association}},
  title = {Publications Manual},
  publisher = {American Psychological Association, Washington, DC.},
  year = 1983
}

@book{ACM83,
  author = {{Association~for~Computing~Machinery}},
  title = {Computing Reviews},
  volume = {24},
  issue = {11},
  pages = {503--512},
  publisher={Association~for~Computing~Machinery},
  year = 1983
}

@article{Chandra81,
  author = {Ashok~K. Chandra and Dexter~C. Kozen and Larry~J. Stockmeyer},
  title = {Alternation},
  journal = {Journal of the Association for Computing Machinery},
  volume = {28},
  number = {1},
  pages = {114--133},
  year = 1981
}

@article{Debowski02,
  author = {L. D\k{e}bowski and J. Hajič and V. Kuboň},
  title = {Testing the Limits--Adding a New Language to an {MT} System},
  journal = {The Prague Bulletin of Mathematical Linguistics},
  volume = {78},
  pages = {95--102},
  year = 2002
}

@inproceedings{Hajic03,
  author = {J. Hajič and P. Homola and V. Kuboň},
  title = {A Simple Multilingual {M}achine {T}ranslation System},
  booktitle = {Proceedings of the {MT} {S}ummit {IX}},
  year = 2003
}

@inproceedings{Hajic00,
      author = {J. Hajič and V. Kuboň and J. Hric.},
      year = 2000, 
      title = {Machine Translation of Very Close Languages.},
      booktitle = {6th ANLP Conference / 1st NAACL Meeting.},
      pages = {7--12}, 
      location = {Seattle, Washington},
      url = {http://www.ldc.upenn.edu/acl/A/A00/A00-1002.pdf}
}

@MISC{Hajic_serial,
    author = {Jan Hajič and Pavel Krbec and Pavel Kveton and Karel Oliva and Vladimír Petkevič},
    title = {Serial Combination of Rules and Statistics: A Case Study in Czech Tagging},
    year = 2001,
    url = {http://acl.ldc.upenn.edu/P/P01/P01-1035.pdf}
}

@misc{wiki:polstina,
   author = "Wikipedie",
   title = "Polština --- {W}ikipedie: {O}tevřená encyklopedie",
   year = "2010",
   url = "http://cs.wikipedia.org/w/index.php?title=Pol%C5%A1tina&oldid=5948179",
   note = "[Online; navštíveno 20. 11. 2010]"
}

@inproceedings{Weiss05,
    author    = "Dawid Weiss",
    title     = "A Survey of Freely Available {P}olish Stemmers and Evaluation of Their Applicability in {I}nformation {R}etrieval",
    booktitle = "Proceedings of the 2$^{\textrm{nd}}$ Language and Technology Conference",
    address   = "Pozna{\'n}, Poland",
    pages     = "216--221",
    year      = "2005"
}

@misc{Futrega09,
	author = {Marek Futrega},
	title = {S\l{}ownik {SJP}.pl},
	note = "\url{http://www.sjp.pl/}",
	year = 2010,
	publisher = {Zesp\'{o}\l{} S\l{}ownika SJP.pl},
}

@misc{Jagodzinski08,
	author = {Grzegorz Jagodzi\'{n}ski},
	title = {A {G}rammar of the {P}olish {L}anguage},
	note = "\url{http://grzegorj.w.interia.pl/gram/en/gram00.html}",
	year = 2008,
}

@book{Bielec98,
	title = {Polish: An Essential Grammar},
	author = {Diana Bielec},
	publisher = {Routledge},
	year = 1998,
}

@incollection{armentano06p,
  author =       {Armentano-Oller, Carme and Carrasco, Rafael C. and
                  Corbí-Bellot, Antonio M. and Forcada, Mikel L. and
                  Ginest{\'{\i}}-Rosell, Mireia and Ortiz-Rojas,
                  Sergio and P{\'{e}}rez-Ortiz, Juan Antonio and
                  Ram{\'{\i}}rez-S{\'{a}}nchez, Gema and
                  S{\'{a}}nchez-Mart{\'{\i}}nez, Felipe and Scalco,
                  Miriam A.},
  title =        {Open-source {P}ortuguese--{S}panish machine
                  translation},
  booktitle =    {Computational Processing of the {P}ortuguese
                  Language, Proc. {PROPOR} 2006},
  publisher =    {Springer-Verlag},
  year =         2006,
  month =        {May},
  volume =       3960,
  series =       {LNCS},
  pages =        {50--59},
  location =     {Itatiaia, Brazil},
  copyright =    {Springer-Verlag},
  isbn =         {3-540-34045-9}
}

@Article{ginestirosell09,
  author =       {Ginestí-Rosell, M. and Ramírez-Sánchez, G. and
                  Ortiz-Rojas, S. and Tyers, F. M. and Forcada, M. L.},
  title =        {Development of a free {B}asque to {S}panish machine
                  translation system},
  journal =      {Procesamiento del Lenguaje Natural},
  year =         2009,
  number =       43,
  pages =        {187--195}
}

@string{ipipan = "Institute of Computer Science, Polish Academy of Sciences"}
@string{warsaw = "Warsaw"}
@Book{prze:04ce,
  author =       "Adam Przepiórkowski",
  title =        "The {IPI PAN} Corpus: Preliminary version",
  publisher =    ipipan,
  year =         2004,
  address =      warsaw
}

@inproceedings{unhammer2009rfr,
  address = {Alicante},
  author = {Kevin Unhammer and Trond Trosterud},
  booktitle = {{Proceedings of the First International Workshop on Free/Open-Source Rule-Based Machine Translation}},
  pages = {35--42},
  title = {{Reuse of Free Resources in Machine Translation between Nynorsk and Bokm{\aa}l}},
  url = {http://hdl.handle.net/10045/12025},
  year = 2009,
}

@inproceedings{tyers2009rfr,
  address = {Alicante},
  author = {Francis M. Tyers and Jacob Nordfalk},
  booktitle = {{Proceedings of the First International Workshop on Free/Open-Source Rule-Based Machine Translation}},
  pages = {27--33},
  title = {{Shallow-transfer rule-based machine translation for Swedish to Danish}},
  url = {http://hdl.handle.net/10045/12024},
  year = 2009,
}

@inproceedings{zubizarreta2009amt,
  address = {Alicante},
  author = {Mikel L. Forcada Zubizarreta and Francis M. Tyers and Gema Ramírez-Sánchez},
  booktitle = {{Proceedings of the First International Workshop on Free/Open-Source Rule-Based Machine Translation}},
  pages = {3--10},
  title = {{The Apertium machine translation platform: five years on}},
  url = {http://rua.ua.es/dspace/handle/10045/12021},
  year = 2009,
}

@inproceedings{Steinberger2006,
  address = {Genoa, Italy},
  author = {Steinberger Ralf and Bruno Pouliquen and Anna Widiger and Camelia Ignat and Tomaž Erjavec and Dan Tufiş and Dániel Varga},
  booktitle = {{Proceedings of the 5th International Conference on Language Resources and Evaluation (LREC'2006).}},
  title = {The {JRC}-{A}cquis: A multilingual aligned parallel corpus with 20+ languages.},
  year = 2006,
}

@book{Hacic2004,
  address = {Prague},
  author = {Jan Hajič},
  title = {Disambiguation of Rich Inflection--Computational Morphology of {C}zech.},
  year = 2004,
  publisher = {Charles University--The Karolinum Press},
}

@inproceedings{Tiedemann2009,
  address = {Amsterdam/Philadelphia},
  author = {Jörg Tiedemann},
  booktitle = {{Recent Advances in Natural Language Processing (vol V).}},
  title = {{News from OPUS - A Collection of Multilingual Parallel Corpora with Tools and Interfaces.}},
  year = 2009,
  pages = {237--248},
}

@article{Koehn2007,
  author = {Philipp Koehn and Hieu Hoang and Alexandra Birch and Chris Callison-Burch and Marcello Federico and Nicola Bertoldi and Brooke Cowan and Wade Shen and Christine Moran and Richard Zens and Chris Dyer and Ondrej Bojar and Alexandra Constantin and Evan Herbst},
  title = {Moses: Open Source Toolkit for Statistical Machine Translation},
  journal = {ACL Demonstration Session},
  year = 2007
}

@article{Milkowski10,
  author = {Marcin Miłkowski},
  journal = {Softw., Pract. Exper.},
  number = 7,
  pages = {543-566},
  title = {Developing an open-source, rule-based proofreading tool.},
  url = {http://dblp.uni-trier.de/db/journals/spe/spe40.html#Milkowski10},
  volume = 40,
  year = 2010,
  keywords = {dblp},
  ee = {http://dx.doi.org/10.1002/spe.971},
  added-at = {2010-09-17T00:00:00.000+0200},
  biburl = {http://www.bibsonomy.org/bibtex/286a132b59d49d1931cda270e5f1250e5/dblp}
}

@article{tyers2008,
  author = {Francis M. Tyers and Jacques Pienaar},
  title = {{Extracting bilingual word pairs from Wikipedia}},
  journal = {Proceedings of the SALTMIL Workshop at the Language Resources and Evaluation Conference, LREC08},
  pages = {19--22},
  year = 2008
}

@ARTICLE{Piasecki:07TQ,
 author = {Maciej Piasecki},
 title = {Polish Tagger {TaKIPI}: Rule Based Construction and Optimisation},
 journal = {Task Quarterly},
 year = {2007},
 volume = {11},
 pages = {151--167},
 number = {1--2}
}

@inproceedings{Acedanski09,
 author = {Szymon Acedański and Konrad Gołuchowski},
 title = {A Morphosyntactic Rule-Based {B}rill Tagger for {P}olish},
 booktitle = {Recent Advances in Intelligent Information Systems},
 pages = {67--76},
 year = {2009},
}

@inproceedings{Banski10,
 author = {Piotr Bański and Beata Wójtowicz},
 title = {Open-{C}ontent {T}ext {C}orpus for {A}frican languages},
 booktitle = {Proceedings of the Second Workshop on {A}frican Language Technology ({AfLaT} 2010)},
 pages = {9--14},
 year = {2010},
}

@inproceedings{Kumar07,
 author = {Shankar Kumar and Franz Och and Wolfgang Macherey},
 title = {Improving Word Alignment with Bridge Languages},
 booktitle = {Conference on Empirical Methods in Natural Language Processing and Computational Natural Language Learning},
 year = {2007},
}

